@ARTICLE{TOOOL1,
    AUTHOR = "The Open Organization of Lockpickers (TOOOL)",
    TITLE = "Introduction to Lockpicking",
    MONTH = {Retrieved April},
    DAY = {14},
    YEAR = {2004},
}
@ARTICLE{TOOOL2,
    AUTHOR = "The Open Organization of Lockpickers (TOOOL)",
    TITLE = "ASSA Twin Systems (Part 1) The Unparalleled Security System",
    MONTH = {Retreived April},
    DAY = {14},
    YEAR = {2014},
}
@ARTICLE{LAXTON,
    AUTHOR = "B. Laxton and K. Wang and S. Savage",
    TITLE = "Reconsidering Physical Key Secrecy: Teleduplication via Optical Decoding",
    MONTH = {Retrieved April},
    DAY = {14},
    YEAR = {2014},
}
@PATENT{VALAVAARA,
    AUTHOR = {V. Valavaara},
    TITLE = "Topology Fabrication Apparatus",
    NUMBER = {US 4749347 A},
    MONTH = {Retrieved April},
    DAY = {15},
    YEAR = {2014}
}
@PATENT{HULL,
    AUTHOR = {C. Hull},
    TITLE = "Apparatus for Production of Three-Dimensional Objects by Stereolithography",
    NUMBER = {US 4575440 A},
    MONTH = {Retrieved April},
    DAY = {15},
    YEAR = {2014}
}
@PATENT{DAS,
    AUTHOR = "S. Das and J. Beaman",
    TITLE = "Direct Selective Laser Sintering of Metals",
    NUMBER = {US 6676892},
    MONTH = {Retrieved April},
    DAY = {15},
    YEAR = {2014}
}
